@book{tao2016,
  title={Analysis I: Third Edition},
  author={Tao, T.},
  publisher={Springer},
  isbn={9789811017896},
  series={Texts and Readings in Mathematics},
  year={2016}
}
@manual{base-src,
  title="{\tt base} package source",
  author={The University of Glasgow},
  note="\url{https://hackage.haskell.org/package/base-4.12.0.0/docs/src/GHC.Base.html\#\%2B\%2B}",
  year={2001}
}
